<record><leader>00000cas a22000007a 4500</leader><controlfield tag="001">12252804</controlfield><controlfield tag="008">850711d19141949utuwr ne      0    0eng d</controlfield><datafield ind1=" " ind2=" " tag="010"><subfield code="a">sn 85058158 </subfield></datafield><datafield ind1=" " ind2=" " tag="040"><subfield code="a">UNP</subfield><subfield code="b">eng</subfield><subfield code="c">UNP</subfield><subfield code="d">OCLCQ</subfield><subfield code="d">UBY</subfield><subfield code="d">OCLCQ</subfield><subfield code="d">OCLCF</subfield><subfield code="d">OCLCO</subfield></datafield><datafield ind1=" " ind2=" " tag="042"><subfield code="a">msc</subfield></datafield><datafield ind1=" " ind2=" " tag="043"><subfield code="a">n-us-ut</subfield></datafield><datafield ind1="0" ind2="0" tag="245"><subfield code="a">Bear River Valley leader.</subfield></datafield><datafield ind1=" " ind2=" " tag="260"><subfield code="a">Tremonton, Utah :</subfield><subfield code="b">A.D. McGuire,</subfield><subfield code="c">-1949.</subfield></datafield><datafield ind1=" " ind2=" " tag="300"><subfield code="a">v. :</subfield><subfield code="b">ill. ;</subfield><subfield code="c">56 cm.</subfield></datafield><datafield ind1=" " ind2=" " tag="310"><subfield code="a">Weekly</subfield></datafield><datafield ind1="1" ind2=" " tag="362"><subfield code="a">Began in 1914.</subfield><subfield code="z">Cf. Alter, J.C. Early Utah journalism.</subfield></datafield><datafield ind1="0" ind2=" " tag="362"><subfield code="a">-v. 26, no. 52 (Sept. 15, 1949).</subfield></datafield><datafield ind1=" " ind2=" " tag="525"><subfield code="a">Supplements issued: Apr. 28 and May 14, 1914.</subfield></datafield><datafield ind1=" " ind2=" " tag="525"><subfield code="a">Supplement titled: State Press Association supplement to Bear River Valley leader, issued yearly by the members of the Utah State Press Association for the purpose of acquainting Utahns with Utah issues, &lt;June 19, 1930&gt;.</subfield></datafield><datafield ind1=" " ind2=" " tag="588"><subfield code="a">Description based on: Vol. 1, no. 7 ((Apr. 16, 1914).</subfield></datafield><datafield ind1=" " ind2="0" tag="651"><subfield code="a">Tremonton (Utah)</subfield><subfield code="v">Newspapers.</subfield></datafield><datafield ind1=" " ind2="0" tag="651"><subfield code="a">Box Elder County (Utah)</subfield><subfield code="v">Newspapers.</subfield></datafield><datafield ind1=" " ind2="7" tag="655"><subfield code="a">Newspapers.</subfield><subfield code="2">fast</subfield><subfield code="0">(OCoLC)fst01423814</subfield></datafield><datafield ind1=" " ind2="7" tag="651"><subfield code="a">Utah</subfield><subfield code="z">Box Elder County.</subfield><subfield code="2">fast</subfield><subfield code="0">(OCoLC)fst01218055</subfield></datafield><datafield ind1=" " ind2="7" tag="651"><subfield code="a">Utah</subfield><subfield code="z">Tremonton.</subfield><subfield code="2">fast</subfield><subfield code="0">(OCoLC)fst01227191</subfield></datafield><datafield ind1=" " ind2=" " tag="752"><subfield code="a">United States</subfield><subfield code="b">Utah</subfield><subfield code="c">Box Elder</subfield><subfield code="d">Tremonton.</subfield></datafield><datafield ind1="0" ind2="0" tag="785"><subfield code="t">Leader (Tremonton, Utah : 1949)</subfield><subfield code="w">(DLC)sn 85058159</subfield><subfield code="w">(OCoLC)12252818</subfield></datafield></record>